@article{gwasintro,
author = {Jeremy J. Berg},
title = {{Polygenic Adaptation has Impacted Multiple Anthropometric Traits}},
journal = {bioRxiv},
year = {2017},
DOI = {https://doi.org/10.1101/167551}
}

@article{gwasproblems,
author = {Fernando Racimo},
title = {{Detecting polygenic adaptation in admixture graphs}},
journal = {bioRxiv},
year = {2017},
DOI = {https://doi.org/10.1101/167551}
}

@article{heightselection,
author = {Michael C Turchin},
title = {{Evidence of widespread selection on standing variation in Europe at height-associated SNPs}},
journal = {Nature Genetics},
pages = {1015-1019},
year = {2012},
volume  = "44",
DOI = {doi:10.1038/ng.2368}
}

@article{heightdirectdom,
author = {Peter K Joshi},
title = {{Directional dominance on stature and cognition in diverse human populations}},
journal = {Nature},
pages = {459-462},
year = {2015},
volume  = "523",
DOI = {doi:10.1038/nature14618}
}


@article{biobank,
author = {Clare Bycroft},
title = {{Genome-wide genetic data on ~500,000 UK Biobank participants}},
journal = {bioRxiv},
year = {2017},
DOI = {https://doi.org/10.1101/166298}
}




